@book{sutton1998introduction,
  title={Introduction to reinforcement learning},
  author={Sutton, Richard S and Barto, Andrew G},
  volume={135},
  year={1998},
  publisher={MIT press Cambridge}
}

@article{ref-01,
author = {Xuan, Ping and Lesser, Victor and Zilberstein, Shlomo},
year = {2001},
month = {05},
pages = {},
title = {Communication Decisions in Multi-agent Cooperation: Model and Experiments},
journal = {Proceedings of the International Conference on Autonomous Agents},
doi = {10.1145/375735.376469}
}

@ARTICLE{ref-02, 
author={K. V. {Katsikopoulos} and S. E. {Engelbrecht}}, 
journal={IEEE Transactions on Automatic Control}, 
title={Markov decision processes with delays and asynchronous cost collection}, 
year={2003}, 
volume={48}, 
number={4}, 
pages={568-574},
doi={10.1109/TAC.2003.809799}, 
ISSN={0018-9286}, 
month={April},}