@book{rl-intro,
  title={Introduction to reinforcement learning},
  author={Sutton, Richard S and Barto, Andrew G},
  volume={135},
  year={1998},
  publisher={MIT press Cambridge}
}
@inproceedings{Pensieve,
 author = {Mao, Hongzi and Netravali, Ravi and Alizadeh, Mohammad},
 title = {Neural Adaptive Video Streaming with Pensieve},
 booktitle = {Proceedings of the Conference of the ACM Special Interest Group on Data Communication},
 series = {SIGCOMM '17},
 year = {2017},
 isbn = {978-1-4503-4653-5},
 location = {Los Angeles, CA, USA},
 pages = {197--210},
 numpages = {14},
 url = {http://doi.acm.org/10.1145/3098822.3098843},
 doi = {10.1145/3098822.3098843},
 acmid = {3098843},
 publisher = {ACM},
 address = {New York, NY, USA},
 keywords = {bitrate adaptation, reinforcement learning, video streaming},
}
@TechReport{clusterdata:Reiss2011,
  author = {Charles Reiss and John Wilkes and Joseph L. Hellerstein},
  title = {{Google} cluster-usage traces: format + schema},
  institution = {Google Inc.},
  year = 2011,
  month = Nov,
  type = {Technical Report},
  address = {Mountain View, CA, USA},
  note = {Revised 2014-11-17 for version 2.1.  Posted at
	\url{https://github.com/google/cluster-data}},
}
@INPROCEEDINGS{expert-cdn, 
author={N. {Ben Hassine} and D. {Marinca} and P. {Minet} and D. {Barth}}, 
booktitle={2016 International Wireless Communications and Mobile Computing Conference (IWCMC)}, 
title={Expert-based on-line learning and prediction in Content Delivery Networks}, 
year={2016}, 
volume={}, 
number={}, 
pages={182-187}, 
doi={10.1109/IWCMC.2016.7577054}, 
ISSN={2376-6506}, 
month={Sep.},}
@misc{cloudflare,
title={What is a CDN?},
url={https://www.cloudflare.com/learning/cdn/what-is-a-cdn/},
urldate={2019-02-27}
}